<?xml version="1.0" encoding="utf-8"?>
<record xmlns="http://www.loc.gov/MARC21/slim" xmlns:xsi="http://www.w3.org/2001/XMLSchema-instance" xsi:schemaLocation="http://www.loc.gov/MARC21/slim http://www.loc.gov/standards/marcxml/schema/MARC21slim.xsd">
	<leader>     nam a22     Mi 4500</leader>
	<controlfield tag="001">b13082772</controlfield>
	<controlfield tag="003">UaCaAUL</controlfield>
	<controlfield tag="006">m        d        </controlfield>
	<controlfield tag="007">cr cn |||m|||a</controlfield>
	<controlfield tag="008">190308s1905    ua      o     000 0 arard</controlfield>
	<datafield ind1=" " ind2=" " tag="040">
		<subfield code="a">ZYU</subfield>
		<subfield code="b">ara</subfield>
		<subfield code="e">rda</subfield>
		<subfield code="c">ZYU</subfield>
	</datafield>
	<datafield ind1=" " ind2="4" tag="050">
		<subfield code="a">BP88.I28</subfield>
		<subfield code="b">A2 1905</subfield>
	</datafield>
	<datafield ind1="1" ind2=" " tag="100">
		<subfield code="6">880-01</subfield>
		<subfield code="a">Ibn Taymīyah, Aḥmad ibn ʻAbd al-Ḥalīm,</subfield>
		<subfield code="d">1263-1328.</subfield>
	</datafield>
	<datafield ind1="1" ind2="0" tag="240">
		<subfield code="6">880-02</subfield>
		<subfield code="a">Rasāʼil al-kubrá</subfield>
	</datafield>
	<datafield ind1="1" ind2="3" tag="245">
		<subfield code="6">880-03</subfield>
		<subfield code="a">al-Juzʼ al-awwal min Majmūʻat al-Rasāʼil al-kubrá li-Ibn Taymiyah /</subfield>
		<subfield code="c">taʼlīf Taqī al-Dīn Abī al-ʻAbbās Aḥmad ibn ʻAbd al-Ḥalīm ibn ʻAbd al-Salām ibn Taymīyah al-Ḥarrānī al-Dimashqī.</subfield>
	</datafield>
	<datafield ind1="3" ind2="0" tag="246">
		<subfield code="6">880-04</subfield>
		<subfield code="a">Majmūʻat al-Rasāʼil al-kubrá li-Ibn Taymiyah</subfield>
	</datafield>
	<datafield ind1=" " ind2=" " tag="250">
		<subfield code="6">880-05</subfield>
		<subfield code="a">al-Ṭabʻah 1.</subfield>
	</datafield>
	<datafield ind1=" " ind2=" " tag="260">
		<subfield code="6">880-06</subfield>
		<subfield code="a">Miṣr :</subfield>
		<subfield code="b">al-Maṭbaʻah al-ʻĀmirah al-Sharafīyah,</subfield>
		<subfield code="c">[1905]</subfield>
	</datafield>
	<datafield ind1=" " ind2=" " tag="300">
		<subfield code="a">online resource (2 volumes)</subfield>
	</datafield>
	<datafield ind1=" " ind2=" " tag="336">
		<subfield code="a">text</subfield>
		<subfield code="2">rdacontent</subfield>
	</datafield>
	<datafield ind1=" " ind2=" " tag="337">
		<subfield code="a">computer</subfield>
		<subfield code="2">rdamedia</subfield>
	</datafield>
	<datafield ind1=" " ind2=" " tag="338">
		<subfield code="a">online resource</subfield>
		<subfield code="2">rdacarrier</subfield>
	</datafield>
	<datafield ind1=" " ind2=" " tag="500">
		<subfield code="a">Part of the Arabic Collections Online (ACO) project, contributed by American University in Cairo Library.</subfield>
	</datafield>
	<datafield ind1="0" ind2=" " tag="505">
		<subfield code="6">880-07</subfield>
		<subfield code="a">Juzʼ 1: al-Furqān bayna al-ḥaqq wa-al-bāṭil. -- Maʻārij al-wuṣūl. -- al-Tibyān fī nuzūl al-Qurʼan. -- al-Waṣīyah al-ṣughrá. -- al-Nīyah. -- al-ʻArshiyah. -- al-Waṣīyah al-kubrá. -- al-Irādah wa-al-amr. -- al-ʻAqīdah al-Wāsiṭīyah. al-Munāẓarah fī al-ʻAqīdah al-Wāsiṭīyah. -- al-ʻAqīdah al-Ḥamawiyah al-kubrá. -- al-Istighāthah. -- Juzʼ 2. al-Iklīl fī al-mutashābih wa-al-taʼwīl. -- al-Ḥalāl. -- Fī ziyārat Bayt al-Maqdis. -- Marātib al-irādah. -- al-Qaḍāʼ wa-al-qadar. -- al-Iḥtijāj bi-al-qadar. -- Darajāt al-yaqīn. -- Bayān al-hudá min al-ḍalāl. -- Fī sunnat al-Jumuʻah. -- Tafsīr al-Muʻawwadhatayn. -- al-ʻUqūd al-muḥarramah. -- Fī maʻná al-qiyās. -- Fī al-samāʻ wa-al-raqṣ. -- Fī al-kalām ʻalá al-fiṭrah. -- Fī al-kalām ʻalá al-qiṣāṣ. -- al-Kalām fī rafʻ al-Ḥanafī yadayh. -- Kitāb Manāsik al-ḥajj.</subfield>
	</datafield>
	<datafield ind1=" " ind2=" " tag="533">
		<subfield code="a">Electronic reproduction.</subfield>
		<subfield code="b">New York, N.Y. :</subfield>
		<subfield code="c">New York University,</subfield>
		<subfield code="d">2019.</subfield>
		<subfield code="5">NNU</subfield>
	</datafield>
	<datafield ind1=" " ind2="0" tag="650">
		<subfield code="a">Islam</subfield>
		<subfield code="x">Doctrines</subfield>
		<subfield code="v">Early works to 1800.</subfield>
	</datafield>
	<datafield ind1="0" ind2="0" tag="630">
		<subfield code="a">Qurʼan</subfield>
		<subfield code="x">Hermeneutics</subfield>
		<subfield code="v">Early works to 1800.</subfield>
	</datafield>
	<datafield ind1="0" ind2="0" tag="630">
		<subfield code="a">Qurʼan</subfield>
		<subfield code="x">Criticism, interpretation, etc.</subfield>
		<subfield code="v">Early works to 1800.</subfield>
	</datafield>
	<datafield ind1="0" ind2="7" tag="630">
		<subfield code="a">Qurʼan.</subfield>
		<subfield code="2">fast</subfield>
		<subfield code="0">(OCoLC)fst01842877</subfield>
	</datafield>
	<datafield ind1=" " ind2="7" tag="650">
		<subfield code="a">Hermeneutics.</subfield>
		<subfield code="2">fast</subfield>
		<subfield code="0">(OCoLC)fst00955492</subfield>
	</datafield>
	<datafield ind1=" " ind2="7" tag="650">
		<subfield code="a">Islam</subfield>
		<subfield code="x">Doctrines.</subfield>
		<subfield code="2">fast</subfield>
		<subfield code="0">(OCoLC)fst00979787</subfield>
	</datafield>
	<datafield ind1=" " ind2="7" tag="655">
		<subfield code="a">Criticism, interpretation, etc.</subfield>
		<subfield code="2">fast</subfield>
		<subfield code="0">(OCoLC)fst01411635</subfield>
	</datafield>
	<datafield ind1=" " ind2="7" tag="655">
		<subfield code="a">Early works.</subfield>
		<subfield code="2">fast</subfield>
		<subfield code="0">(OCoLC)fst01411636</subfield>
	</datafield>
	<datafield ind1="1" ind2=" " tag="700">
		<subfield code="6">880-08</subfield>
		<subfield code="a">Ibn Taymīyah, Aḥmad ibn ʻAbd al-Ḥalīm,</subfield>
		<subfield code="d">1263-1328.</subfield>
		<subfield code="t">Furqān bayna al-ḥaqq wa-al-bāṭil.</subfield>
	</datafield>
	<datafield ind1="1" ind2=" " tag="700">
		<subfield code="6">880-09</subfield>
		<subfield code="a">Ibn Taymīyah, Aḥmad ibn ʻAbd al-Ḥalīm,</subfield>
		<subfield code="d">1263-1328.</subfield>
		<subfield code="t">Iklīl fī al-mutashābih wa-al-taʼwīl.</subfield>
	</datafield>
	<datafield ind1="2" ind2=" " tag="710">
		<subfield code="a">American University in Cairo.</subfield>
		<subfield code="b">Library.</subfield>
	</datafield>
	<datafield ind1="0" ind2=" " tag="730">
		<subfield code="a">Arabic Collections Online.</subfield>
	</datafield>
	<datafield ind1="0" ind2="8" tag="776">
		<subfield code="i">Print version:</subfield>
		<subfield code="a">Ibn Taymīyah, Aḥmad ibn ʻAbd al-Ḥalīm, 1263-1328.</subfield>
		<subfield code="t">al-Juzʼ al-awwal min Majmūʻat al-Rasāʼil al-kubrá li-Ibn Taymiyah</subfield>
		<subfield code="w">(UaCaAUL)b13082772</subfield>
		<subfield code="w">(OCoLC)63017194</subfield>
	</datafield>
	<datafield ind1="4" ind2="0" tag="856">
		<subfield code="u">http://hdl.handle.net/2333.1/b5mkm4m5</subfield>
	</datafield>
	<datafield ind1="1" ind2=" " tag="880">
		<subfield code="6">100-01</subfield>
		<subfield code="a">ابن تيمية، أحمد بن عبد الحليم،</subfield>
		<subfield code="d">1263-1328.</subfield>
	</datafield>
	<datafield ind1="1" ind2="0" tag="880">
		<subfield code="6">240-02</subfield>
		<subfield code="a">‏رسائل الكبرى</subfield>
	</datafield>
	<datafield ind1="1" ind2="2" tag="880">
		<subfield code="6">245-03</subfield>
		<subfield code="a">‏الجزء الأول من مجموعة الرسائل الكبرى لابن تيمية /‏</subfield>
		<subfield code="c">‏تأليف تقي الدين أبي العباس أحمد بن عبد الحليم بن عبد السلام بن تيمية الحراني الدمشقي.</subfield>
	</datafield>
	<datafield ind1="3" ind2="0" tag="880">
		<subfield code="6">246-04</subfield>
		<subfield code="a">‏مجموعة الرسائل الكبرى لابن تيمية</subfield>
	</datafield>
	<datafield ind1=" " ind2=" " tag="880">
		<subfield code="6">250-05</subfield>
		<subfield code="a">‏الطبعة 1.</subfield>
	</datafield>
	<datafield ind1=" " ind2=" " tag="880">
		<subfield code="6">260-06</subfield>
		<subfield code="a">مصر :</subfield>
		<subfield code="b">المطبعة العامرة الشرفية،</subfield>
		<subfield code="c">[1905]</subfield>
	</datafield>
	<datafield ind1="0" ind2=" " tag="880">
		<subfield code="6">505-07</subfield>
		<subfield code="a">جزء 1: الفرقان بين الحق والباطل.-- معارج الوصول. -- التبيان في نزول القرأن. -- الوصية الصغرى. -- النية. -- العرشية. -- الوصية الكبرى. -- الإرادة والأمر. -- العقيدة الواسطية. -- المناظرة في العقيدة الواسطية. -- العقيدة الحموية الكبرى. -- الاستغاثة. -- جزء 2. الإكليل في المتشابه والتأويل. -- الحلال. -- في زيارة بيت المقدس. -- مراتب الإرادة. -- القضاء والقدر. -- الاحتجاج بالقدر. -- درجات اليقين. -- بيان الهدى من الضلال. -- في سنة الجمعة. -- تفسير المعوذتين. -- العقود المحرمة. -- في معنى القياس. -- في السماع والرقص. -- في الكلام على الفطرة. -- في الكلام على القصاص. -- الكلام في رفع الحنفي يديه. -- كتاب مناسك الحج.</subfield>
	</datafield>
	<datafield ind1="1" ind2=" " tag="880">
		<subfield code="6">700-08</subfield>
		<subfield code="a">ابن تيمية، أحمد بن عبد الحليم،,</subfield>
		<subfield code="d">1263-1328.</subfield>
		<subfield code="t">فرقان بين الحق والباطل.</subfield>
	</datafield>
	<datafield ind1="1" ind2=" " tag="880">
		<subfield code="6">700-09</subfield>
		<subfield code="a">ابن تيمية، أحمد بن عبد الحليم،,</subfield>
		<subfield code="d">1263-1328.</subfield>
		<subfield code="t">إكليل في المتشابه والتأويل.</subfield>
	</datafield>
	<datafield ind1=" " ind2=" " tag="959">
		<subfield code="a">NNU</subfield>
		<subfield code="b">WEB</subfield>
		<subfield code="c">GENI</subfield>
		<subfield code="t">0</subfield>
		<subfield code="m">Electronic access</subfield>
		<subfield code="s">01</subfield>
	</datafield>
	<datafield ind1=" " ind2=" " tag="999">
		<subfield code="i">UaCaAUL_b13082772</subfield>
		<subfield code="o">(OCoLC)ocm63017194</subfield>
		<subfield code="s">auc_aco000531:v.1</subfield>
		<subfield code="s">auc_aco000559:v.1-2</subfield>
		<subfield code="s">auc_aco000532:v.2</subfield>
		<subfield code="s">auc_aco000531:v.1</subfield>
		<subfield code="s">auc_aco000559:v.1-2</subfield>
		<subfield code="s">auc_aco000532:v.2</subfield>
	</datafield>
</record>
